@article{Nakamoto2008, author = {Satotishi Nakamoto}, title = {Bitcoin: A peer-to-peer electronic cash system}, year = {2008}}

@article{Gatev2006, author = {Evan Gatev and William N. Goetzmann and Geert Rouwenhorst}, title = {Pairs Trading: Performance of a Relative-Value Arbitrage Rule}, journal = {The Review of Financial Studies}, volume = {19}, year = {2006}, number = {3}, pages={797-827}, url={https://doi.org/10.1093/rfs/hhj020}}

@BOOK{Vidamurthy_2004,
  TITLE = {Pairs Trading},
  SUBTITLE = {Quantative Methods and Analysis},
  AUTHOR = {Vidamurthy, G.},
  YEAR = {2004},
  PUBLISHER = {John Wiley & Sons, Inc.},
  ADDRESS = {Hoboken, New Jersey},
  ISBN ={0-471-46067-2}
}

@article{Elliot_2007, author = {Robert J. Elliot and John van der Hoek and William P. Malcolm}, title = {Pairs Trading}, journal = {Quantitative Finance}, volume = {5}, year = {2007}, number = {3}, url={https://doi.org/10.1080/14697680500149370}, pages={271-276}}

@article{Cheah_2015, author = {Eng-Tuck Cheah and John Fry}, title = {Speculative bubbles in Bitcoin markets? An empirical investigation into the fundamental value of Bitcoin}, journal = {Economic Letters}, volume = {130}, year = {2015}, url={https://doi.org/10.1016/j.econlet.2015.02.029}, pages={32-36}}

@article{Barbaris_2005, author = {Nicholas Barberis and Andrei Shleifer and Jeffrey Wurgler}, title = {Comovement}, journal = {Journal of Financial Economics}, volume = {75}, year = {2005}, url={https://doi.org/10.1016/j.jfineco.2004.04.003}, pages={283-317}}

@article{Urquhart_2016, author = {Andrew Urquhart}, title = {The inefficiency of Bitcoin}, journal = {Journal of Financial Economics}, volume = {148}, year = {2016}, pages={80-82}, url={https://doi.org/10.1016/j.econlet.2016.09.019}}

@article{Delong_1990, author = {J. Bradford De Long and Andrei Shleifer and Lawrence H. Summers and Robert J. Waldmann}, title = {Noise Trader Risk in Financial Markets}, journal = {Journal of Political Economy}, volume = {98}, year = {2015}, number={4}, url={https://doi.org/10.1086/261703}, pages={703-738}}

@article{Scheikman_2003, author = {José A. Scheinkman and Wei Xiong}, title = {Overconfidence and Speculative Bubbles}, journal = {Journal of Political Economy}, volume = {111}, year = {2003}, number={6}, pages={1183-1220}, url={https://doi.org/10.1086/378531}}

@article{Aslanidis_2019, author = {Nektarios Aslanidis and Aurelio F. Bariviera and Oscar Martinez-Ibanez}, title = {An analysis of cryptocurrencies conditional cross correlations}, year = {2019}, pages={130-137}, url={https://doi.org/10.1016/j.frl.2019.04.019}}

@article{Burnie_2018, author = {Andrew Burnie}, title = {Exploring the Interconnectedness of Cryptocurrencies using Correlation Networks}, year = {2019}, url={https://arxiv.org/abs/1806.06632v1}}

@article{Ji_2019, author = {Qiang Ji and Elie Bouri and Chi Keung Marco Lau and David Roubaud}, title = {Dynamic connectedness and integration in cryptocurrency markets}, journal = {International Review of Financial Analysis}, volume = {63}, year = {2019}, pages={257-272}, url={https://doi.org/10.1016/j.irfa.2018.12.002}}

@article{Corbet_2018, author = {Shaen Corbet and Andrew Meegan and Charles Larkin and Brian Lucey and Larisa Yarovaya}, title = {Exploring the dynamic relationships between cryptocurrencies and other financial assets}, journal = {Economic Letters}, volume = {165}, year = {2018}, pages={28-34}, url={https://doi.org/10.1016/j.econlet.2018.01.004}}

@article{Krauss_2017, author = {Christopher Krauss}, title = {Statistical Arbitrage Pairs Trading Strategies: Review and Outlook}, journal = {Journal of Economic Surveys}, volume = {31}, year = {2017}, number = {2}, url={https://doi.org/10.1111/joes.12153}, pages={513-545}}

@article{Inder_1993, author = {Brett Inder}, title = {Estimating long-run relationships in economics: A comparison of different approaches}, journal = {Journal of Econometrics}, volume = {57}, year = {1993}, number = {1-3}, pages={53-68}, url={https://doi.org/10.1016/0304-4076(93)90058-D}}

@article{Bogomolov_2010, author = {Timofei Bogomolov}, title = {Pairs Trading in the Land Down Under}, year = {2010}, url={http://dx.doi.org/10.2139/ssrn.1717295}} 

@article{Lin_2006, author = {Yan-Xia Lin and Michael McCrae and Chandra Gulati}, title = {Loss Protection in Pairs Trading Through Minimum Profit Bounds: A Cointegration Approach}, journal = {Advances in Decision Sciences}, year = {2006}, url={https://doi.org/10.1155/JAMDS/2006/73803}}

@article{Leung_2018, author = {Tim Leung and Hung Nguyen}, title = {Constructing cointegrated cryptocurrency portfolios for statistical arbitrage}, journal = {Studies in Economics and Finance}, volume = {36}, year = {2018}, number = {4}, pages={581-599}, url={https://doi.org/10.1108/SEF-08-2018-0264}}

@article{Leung_2015, author = {Tim Leung and Xin Li}, title = {Optimal Mean Reversion Trading With Transaction Costs and Stop-loss Exit}, journal = {International Journal of Theoretical and Applied Finance}, volume = {18}, year = {2015}, number = {3}, url={https://doi.org/10.1142/S021902491550020X}}

@article{Miao_2014, author = {George J. Miao}, title = {High Frequency and Dynamic Pairs Trading Based on Statistical Arbitrage Using a Two-Stage Correlation and Cointegration Approach}, journal = {International Journal of Economics and Finance}, volume = {6}, year = {2014}, number = {3}, url={http://dx.doi.org/10.5539/ijef.v6n3p96}}

@article{Engle_1987, author = {Robert F. Engle and C. W. J. Granger}, title = {Co-Integration and Error Correction: Representation, Estimation, and Testing}, journal = {Econometrica}, volume = {55}, year = {1987}, number = {2}, pages={251-276}, url={https://www.jstor.org/stable/1913236}}

@article{Johansen_1988, author = {Søren Johansen}, title = {Statistical Analysis of Cointegration Vectors}, journal = {Journal of Economic Dynamics and Control}, volume = {12}, year = {1988}, pages={231-254}, url={https://doi.org/10.1016/0165-1889(88)90041-3}}

@article{Johansen_1991, author = {Søren Johansen}, title = {Estimation and Hypothesis Testing of Cointegration Vectors in Gaussian Vector Autoregressive Models}, journal = {Econometrica}, volume = {59}, year = {1991}, number ={6}, pages={1551-1580}, url={https://www.jstor.org/stable/2938278}}

@article{Gonzalo_1998, author = {Jésus Gonzalo and Tae-Hwy Lee}, title = {Pitfalls In Testing For Long Run Relationships}, journal = {Journal of Econometrics}, volume = {86}, year = {1998}, number={1}, pages={129-154}, url={https://doi.org/10.1016/S0304-4076(97)00111-5}}

@article{Fama_1995, author = {Eugene F. Fama}, title = {Random Walks in Stock Market Prices}, journal = {Financial Analysts Journal}, volume = {51}, year = {1998}, number = {1}, url={https://doi.org/10.2469/faj.v51.n1.1861}, pages={75-80}}

@BOOK{Mackinnon_1991,
  SUBTITLE = {Long-run economic relationships: Readings in cointegration},
  TITLE = {Critical values for cointegration tests, Chapter 13. In R. F. Engle & C. W.
J. Granger (Eds.)},
  AUTHOR = {James G. MacKinnon},
  YEAR = {1991},
  PUBLISHER = {Oxford University Press},
  ISBN={9780198283393}
}

@article{Schwert_2002, author = {G. William Schwert}, title = {Test for Unit Roots}, journal = {Journal of Business & Economic Statistics}, volume = {20}, year = {2002}, number = {1}, pages={5-17}, url={https://doi.org/10.1198/073500102753410354}}

@article{Seong_2009, author = {Byeongchan Seong}, title = {Bonferroni correction for seasonal cointegrating ranks}, journal = {Economic Letters}, volume = {103}, year = {2009}, url={https://doi.org/10.1016/j.econlet.2009.01.017}, pages={42-44}, number={1}}

@article{Jacobs_1993, author = {Bruce I. Jacobs and Kenneth N. Levy}, title = {Long/Short Equity Investing}, journal = {Journal of Portfolio Management}, year = {1993}, volume={20}, number={1}, url={https://doi.org/10.3905/jpm.1993.52}, pages={52-63}}

@article{Rad_2015, author = {Hossein Rad and Rand Kwong Yew Low and Robert Faff}, title = {The profitability of pairs trading strategies: distance, cointegration and copula methods}, journal = {Quantitative Finance}, year = {2015}, pages={1541-1558}, url={https://doi.org/10.1080/14697688.2016.1164337}, volume={16}, number={10}}

@article{Sharpe_1966, author = {William F. Sharpe}, title = {Mutual Fund Performance}, journal = {The Journal of Business}, volume = {39}, year = {1966}, number={1}, url={https://www.jstor.org/stable/2351741}, pages={119-138}}

@article{Aggarwal_2019, author = {Divya Aggarwal}, title = {Do Bitcoins Follow a Random Walk Model?}, journal = {Research in Economics}, volume = {73}, year = {2019}, pages={15-22}, url={https://doi.org/10.1016/j.rie.2019.01.002}}

@article{Fuller_1979, author = {David A. Dickey and Wayne A. Fuller}, title = {Distribution of the Estimators for Autoregressive Time Series with a Unit Root}, journal = {Journal of American Statistical Association}, volume = {74}, year = {1979}, number={366a}, url={https://doi.org/10.1080/01621459.1979.10482531}}

@article{Bonferroni_1936, author = {Carlo Emilio Bonferroni}, title = {Teoria statistica delle classi e calcolo delle probabilità}, journal = {Pubblicazioni del R Istituto Superiore di Scienze Economiche e Commerciali di Firenze}, volume = {8}, year = {1936}, pages={3-62}, url={https://ci.nii.ac.jp/naid/20001561442}}

@article{Li_2019, author = {Tao Li and Donghwa Shin and Baolian Wang}, title = {Cryptocurrency Pump-and-Dump Schemes}, year = {2018}, url={http://dx.doi.org/10.2139/ssrn.3267041}}

@techreport{Goetzmann_2002, author = {William Goetzmann and Jonathan Ingersoll and Matthew Spiegel and Ivo Welch}, title = {Sharpening Sharpe Ratios}, institution = {Yale School of Management}, year = {2002}, type={Working Paper}, url={https://www.nber.org/papers/w9116}}

@article{Akyildirim_2020, author = {Erdinc Akyildirim and Shaen Corbet and Brian Lucey and Ahmet Sensoy and Larisa Yarovaya}, title = {The relationship between implied volatility and cryptocurrency returns}, year = {2020}, journal = {Finance Research Letters}, volume = {33}, url={https://doi.org/10.1016/j.frl.2019.06.010}}

@article{Matkovskyy_2019, author = {Roman Matkovskyy and Akanksha Jalan}, title = {From financial markets to Bitcoin markets: A fresh look at the contagion effect}, year = {2019}, journal = {Finance Research Letters}, volume = {31}, url={https://doi.org/10.1016/j.frl.2019.04.007}, pages={93-97}}

@misc{CMC,
  title = {Top 100 Cryptocurrencies by Market Capitalization},
  author = {CoinMarketCap},
  url = {https://coinmarketcap.com/},
  note = {Accessed: 2020-06-01},
  year = {2020}
}








